@book{book:foundations,
    author    = "Gregory R. Andrews",
    title     = "Foundations of Multithreaded, Parallel, and Distributed Programming",
    year      = "2000",
    publisher = "Addison-Wesley",
    address   = "Reading, Massachusetts"
}

@article{whitehead,
    author = "James Whitehead II",
    title = "Serving Web Content with Dynamic Process Networks in Go",
    year = "2011",
    publisher = "IOS Press"
}

@inproceedings{Roussev:2001:CDA:647969.742239,
    author = {Roussev, Boris and Wu, Jie},
    title = {Client-Server Design Alternatives: Back to Pipes but with Threads},
    booktitle = {Proceedings of the First International Conference on Networking-Part 2},
    series = {ICN '01},
    year = {2001},
    isbn = {3-540-42303-6},
    pages = {854--866},
    numpages = {13},
    url = {http://dl.acm.org/citation.cfm?id=647969.742239},
    acmid = {742239},
    publisher = {Springer-Verlag},
    address = {London, UK, UK},
} 